!TRNS	TRNSID	TRNSTYPE	DATE	ACCNT	NAME	AMOUNT	DOCNUM	MEMO	CLEAR	TOPRINT	NAMEISTAXABLE	ADDR1	ADDR2	ADDR3	ADDR4	ADDR5	DUEDATE	TERMS	SHIPDATE	SADDR1	SADDR2	SADDR3	SADDR4	TOSEND
!SPL	SPLID	TRNSTYPE	DATE	ACCNT	NAME	AMOUNT	DOCNUM	MEMO	CLEAR	QNTY	PRICE	INVITEM	PAYMETH	TAXABLE	VALADJ	REIMBEXP	SERVICEDATE	OTHER2	WAGEBASE					
!ENDTRNS																								
TRNS		INVOICE	4/30/2018	Accounts Receivable	1821 Portal Street	195.7	2205		N	Y	N	1821 PORTAL ST., LLC	408 TROTTER FARM DRIVE	ROCKVILLE, MD  20850			4/30/2018	Due on receipt	4/30/2018	1817-21 Portal Street				N
SPL		INVOICE	4/30/2018	Sales:Sweeping		-195.7		Parking lot sweeping - 2x per month (3/6, 3/20)	N	-2	97.85	Sweeping		N	N	NOTHING	4/30/2018							
ENDTRNS																								
TRNS		INVOICE	4/30/2018	Accounts Receivable	JOE KIRKPATRICK	72.1	2206		N	Y	N	MR. JOE KIRKPATRICK	7164 E. FURNACE BRANCH ROAD	GLEN BURNIE, MD  21060			4/30/2018	Due on receipt	4/30/2018	A A Foreign Car Parts				N
SPL		INVOICE	4/30/2018	Sales:Sweeping		-72.1		Parking lot sweeping - 2x per month	N	-2	36.05	Sweeping		N	N	NOTHING	4/30/2018							
ENDTRNS																								
TRNS		INVOICE	4/30/2018	Accounts Receivable	JOE KIRKPATRICK	226.6	2207		N	Y	N	MR. JOE KIRKPATRICK	7164 E. FURNACE BRANCH ROAD	GLEN BURNIE, MD  21060			4/30/2018	Due on receipt	4/30/2018	Shipley Linthicum Shopping Center				N
SPL		INVOICE	4/30/2018	Sales:Sweeping		-226.6		Parking lot sweeping - 1x per week (Tues)	N	-4	56.65	Sweeping		N	N	NOTHING	4/30/2018							
ENDTRNS																								
TRNS		INVOICE	4/30/2018	Accounts Receivable	JOE KIRKPATRICK	72.1	2208		N	Y	N	MR. JOE KIRKPATRICK	7164 E. FURNACE BRANCH ROAD	GLEN BURNIE, MD  21060			4/30/2018	Due on receipt	4/30/2018	Thelma Avenue Condos				N
SPL		INVOICE	4/30/2018	Sales:Sweeping		-72.1		Parking lot sweeping - 2x per month	N	-2	36.05	Sweeping		N	N	NOTHING	4/30/2018							
ENDTRNS																								
TRNS		INVOICE	4/30/2018	Accounts Receivable	Allen & Rocks, Inc.	185.4	2210		N	Y	N	Allen & Rocks, Inc.	1960 Gallows Road, Suite 300	Vienna, VA  22182			4/30/2018	Due on receipt	4/30/2018	Loch Raven Shopping Center				N
SPL		INVOICE	4/30/2018	Sales:Sweeping		-185.4		Parking lot sweeping services - 1x per week	N	-4	46.35	Sweeping		N	N	NOTHING	4/30/2018							
ENDTRNS																								
TRNS		INVOICE	4/30/2018	Accounts Receivable	ATTMAN PROPERTIES	75	2211		N	Y	N	ATTMAN PROPERTIES MANAGEMENT COMPANY	8028 RITCHIE HIGHWAY	SUITE 118	PASADENA, MD  21122		4/30/2018		4/30/2018	Cloverleaf Warehouse & Business Park				N
SPL		INVOICE	4/30/2018	Sales:Sweeping		-75		Parking lot sweeping - 1x per month	N	-1	75	Sweeping		N	N	NOTHING	3/10/2018							
ENDTRNS																								
TRNS		INVOICE	4/30/2018	Accounts Receivable	ATTMAN PROPERTIES	1550	2212		N	Y	N	ATTMAN PROPERTIES MANAGEMENT COMPANY	8028 RITCHIE HIGHWAY	SUITE 118	PASADENA, MD  21122		4/30/2018		4/30/2018	Southgate Shopping Center				N
SPL		INVOICE	4/30/2018	Sales:Sweeping		-1550		Parking lot sweeping - Daily	N	-31	50	Sweeping		N	N	NOTHING	4/30/2018							
ENDTRNS																								
TRNS		INVOICE	4/30/2018	Accounts Receivable	ATTMAN PROPERTIES	1240	2213		N	Y	N	ATTMAN PROPERTIES MANAGEMENT COMPANY	8028 RITCHIE HIGHWAY	SUITE 118	PASADENA, MD  21122		4/30/2018		4/30/2018	Sun Valley Shopping Center				N
SPL		INVOICE	4/30/2018	Sales:Sweeping		-1240		Parking lot sweeping - Daily	N	-31	40	Sweeping		N	N	NOTHING	4/30/2018							
ENDTRNS																								
TRNS		INVOICE	4/30/2018	Accounts Receivable	BALTIMORE SETON	103	2214		N	Y	N	BALTIMORE SETON, LLC	C/O MEISEL CAPITAL MANAGEMENT	4 PARK CENTER COURT	SUITE 202	OWINGS MILLS, MD  21117	4/30/2018	Due on receipt	4/30/2018	4701 MOUNT HOPE				N
SPL		INVOICE	4/30/2018	Sales:Sweeping		-103		Parking lot sweeping - 1x per month	N		103	Sweeping		N	N	NOTHING	3/13/2018							
ENDTRNS																								
TRNS		INVOICE	4/30/2018	Accounts Receivable	BAYSIDE SQUARE LTD	36.05	2215		N	Y	N	BAYSIDE SQUARE	1566 EFFORD ROAD	PASADENA, MD 21122			4/30/2018	Due on receipt	4/30/2018	8471 Fort Smallwood Road				N
SPL		INVOICE	4/30/2018	Sales:Sweeping		-36.05		Parking lot sweeping services	N	-1	36.05	Sweeping		N	N	NOTHING	3/15/2018							
ENDTRNS																								
TRNS		INVOICE	4/30/2018	Accounts Receivable	BERKEL AND COMPANY	65	2216		N	Y	N	BERKEL AND COMPANY	P. O. BOX 335	BONNER SPRINGS, KS  66012			4/30/2018	Due on receipt	4/30/2018	8243 Baltimore Annapolis Blvd				N
SPL		INVOICE	4/30/2018	Sales:Sweeping		-65		Parking lot sweeping services	N	-1	65	Sweeping		N	N	NOTHING	3/15/2018							
ENDTRNS																								
TRNS		INVOICE	4/30/2018	Accounts Receivable	BINGO WORLD	648.9	2217		N	Y	N	BINGO WORLD	4901 BELLE GROVE ROAD	BALTIMORE, MARYLAND  21225			4/30/2018	Due on receipt	4/30/2018					N
SPL		INVOICE	4/30/2018	Sales:Sweeping		-648.9		Parking Lot Sweeping - 4x per week	N	-18	36.05	Sweeping		N	N	NOTHING	4/30/2018							
ENDTRNS																								
TRNS		INVOICE	4/30/2018	Accounts Receivable	COLONIAL ASSOCIATES, LLP.	2325	2218		N	Y	N	COLONIAL ASSOCIATES, LLC	233 EAST REDWOOD STREET	SUITE 100	BALTIMORE, MD  21202		4/30/2018	Due on receipt	4/30/2018	WAL-MART / AAMC				N
SPL		INVOICE	4/30/2018	Sales:Sweeping		-2325		AAMC / WALMART parking lot sweeping - Daily (3/1-3/31)	N	-31	75	Sweeping		N	N	NOTHING	4/30/2018							
ENDTRNS																								
TRNS		INVOICE	4/30/2018	Accounts Receivable	CONSOLIDATED WIGHT, LLC	52.53	2219		N	Y	N	CONSOLIDATED WIGHT, LLC	C/O WP&M MANAGEMENT	11433 CRONRIDGE DRIVE	OWINGS MILLS, MD  21117-2294		4/30/2018	Due on receipt	4/30/2018	11101 MCCORMICK ROAD				N
SPL		INVOICE	4/30/2018	Sales:Sweeping		-52.53		Parking lot sweeping - 1x per month	N		52.53	Sweeping		N	N	NOTHING	3/13/2018							
ENDTRNS																								
TRNS		INVOICE	4/30/2018	Accounts Receivable	COPT - GREENMEADE	200.85	2220		N	Y	N	CORPORATE OFFICE PROPERTIES TRUST	BILLBOX #01-1982-45800	P.O. BOX 7541	HICKSVILLE, NY 11802-7541		4/30/2018		4/30/2018	LTS Facility	8080 GREENMEADE DRIVE			N
SPL		INVOICE	4/30/2018	Sales:Sweeping		-200.85		Parking lot sweeping - 1x per month	N	-1	200.85	Sweeping		N	N	NOTHING	3/6/2018							
ENDTRNS																								
TRNS		INVOICE	4/30/2018	Accounts Receivable	LPC - Upper Rock Circle	900	2221		N	Y	N	DC Retail 1, LLC	c/o Lincoln Property Company	2400 Research Blvd, Suite 100	Rockville, MD 20850		4/30/2018	Due on receipt	4/30/2018	10-28 Upper Rock Circle				N
SPL		INVOICE	4/30/2018	Sales:Sweeping		-180		Parking lot sweeping	N		180	Sweeping		N	N	NOTHING	3/3/2018							
SPL		INVOICE	4/30/2018	Sales:Sweeping		-180		Parking lot sweeping	N		180	Sweeping		N	N	NOTHING	3/10/2018							
SPL		INVOICE	4/30/2018	Sales:Sweeping		-180		Parking lot sweeping	N		180	Sweeping		N	N	NOTHING	3/17/2018							
SPL		INVOICE	4/30/2018	Sales:Sweeping		-180		Parking lot sweeping	N		180	Sweeping		N	N	NOTHING	3/24/2018							
SPL		INVOICE	4/30/2018	Sales:Sweeping		-180		Parking lot sweeping	N		180	Sweeping		N	N	NOTHING	4/30/2018							
ENDTRNS																								
TRNS		INVOICE	4/30/2018	Accounts Receivable	DIVISIONS INC.	300	2222		N	Y	N	DIVISIONS INC.	INVOICING	300 DAVE DOWENS DRIVE	SUITE 500	NEWPORT, KY  41071	4/30/2018	Due on receipt	4/30/2018	KOHL'S EDGEWOOD EFC				N
SPL		INVOICE	4/30/2018	Sales:Sweeping		-300		Parking Lot Sweeping - 2x per month	N		300	Sweeping		N	N	NOTHING	4/30/2018							
ENDTRNS																								
TRNS		INVOICE	4/30/2018	Accounts Receivable	SECU	545.5	2223		N	Y	N	Attn: Mark Smith	SECU	971 Corporate Blvd	Linthicum, MD 21090		4/30/2018	Due on receipt	4/30/2018	971 Corporate Blvd				N
SPL		INVOICE	4/30/2018	Sales:Sweeping		-545.5		Monthly installment for parking lot sweeping - 1x per week	N		545.5	Sweeping		N	N	NOTHING	4/30/2018							
ENDTRNS																								
TRNS		INVOICE	4/30/2018	Accounts Receivable	Wiltondale Improvement Association	125	2224		N	Y	N	Wiltondale Improvement Association, Inc.	c/o Nathan Raider	10096 Red Run Blvd., Suite 300	Owings Mills, MD  21117		4/30/2018	Due on receipt	4/30/2018	Wiltondale Improvement Association				N
SPL		INVOICE	4/30/2018	Sales:Sweeping		-125		Parking lot sweeping - 1x per week (Thursdays 3/1, 3/8, 3/15, 3,22, 3/29)	N	-5	25	Sweeping		N	N	NOTHING	4/30/2018							
ENDTRNS																								
TRNS		INVOICE	4/30/2018	Accounts Receivable	GREENBERG - Waugh	1060	2225		N	Y	N	GREENBERG GIBBONS COMMERCIAL	10096 RED RUN BOULEVARD	SUITE 100	OWINGS MILLS, MD  21117		5/30/2018	Net 30	4/30/2018	EDGEWATER VILLAGE				Y
SPL		INVOICE	4/30/2018	Sales:Sweeping		-1060		Monthly installment for parking lot sweeping - 5x per week	N		1060	Sweeping		N	N	NOTHING	4/30/2018							
ENDTRNS																								
TRNS		INVOICE	4/30/2018	Accounts Receivable	GREENBERG - Turf Valley	2268.75	2226		N	Y	N	GREENBERG GIBBONS COMMERCIAL	10096 RED RUN BOULEVARD	SUITE 100	OWINGS MILLS, MD  21117		5/30/2018	Net 30	4/30/2018	Turf Valley Towne Center				Y
SPL		INVOICE	4/30/2018	Sales:Sweeping		-2268.75		Monthly installment for parking lot sweeping - Daily	N		2268.75	Sweeping		N	N	NOTHING	4/30/2018							
ENDTRNS																								
TRNS		INVOICE	4/30/2018	Accounts Receivable	GREENBERG - Waugh	1740	2227		N	Y	N	GREENBERG GIBBONS COMMERCIAL	10096 RED RUN BOULEVARD	SUITE 100	OWINGS MILLS, MD  21117		5/30/2018	Net 30	4/30/2018	Village at Waugh Chapel				Y
SPL		INVOICE	4/30/2018	Sales:Janitorial		-1540		Porter service - 3x per week (Tues, Thurs, Sat)	N	-14	110	Janitorial		N	N	NOTHING	4/30/2018							
SPL		INVOICE	4/30/2018	Sales:Janitorial		-200		Janitorial services for corridors - 1x per week (Tues)	N	-4	50	Janitorial		N	N	NOTHING	4/30/2018							
ENDTRNS																								
TRNS		INVOICE	4/30/2018	Accounts Receivable	GREENBERG - Waugh	4615.6	2228		N	Y	N	GREENBERG GIBBONS COMMERCIAL	10096 RED RUN BOULEVARD	SUITE 100	OWINGS MILLS, MD  21117		5/30/2018	Net 30	4/30/2018	Village at Waugh Chapel				N
SPL		INVOICE	4/30/2018	Sales:Sweeping		-4138.33		Parking lot sweeping and grounds litter maintenance services	N		4138.33	Sweeping		N	N	NOTHING	4/30/2018							
SPL		INVOICE	4/30/2018	Sales:Sweeping		-477.27		Dumpster fee	N		477.27	Dumpster		N	N	NOTHING	4/30/2018							
ENDTRNS																								
TRNS		INVOICE	4/30/2018	Accounts Receivable	GREENBERG - Waugh	6975	2230		N	Y	N	GREENBERG GIBBONS COMMERCIAL	10096 RED RUN BOULEVARD	SUITE 100	OWINGS MILLS, MD  21117		5/30/2018	Net 30	4/30/2018	Waugh Chapel				N
SPL		INVOICE	4/30/2018	Sales:Sweeping		-6975		Parking lot sweeping services	N	-31	225	Sweeping		N	N	NOTHING	4/30/2018							
ENDTRNS																								
TRNS		INVOICE	4/30/2018	Accounts Receivable	PARAGON	524.25	2231		N	Y	N	PARAGON COMMERCIAL PROPERTY MANAGEMENT	C/O VILLAGE GREENS SC, LLC	P. O. BOX 34081	CHARLOTTE, NC  28234		4/30/2018	Due on receipt	4/30/2018	Village Greens of Annapolis				N
SPL		INVOICE	4/30/2018	Sales:Sweeping		-524.25		Parking lot sweeping services - 2x per week	N	-9	58.25	Sweeping		N	N	NOTHING	4/30/2018							
ENDTRNS																								
TRNS		INVOICE	4/30/2018	Accounts Receivable	WPM - Corp Court Condo	370	2232		N	Y	N	Corporate Court Condominium	c/o WPM Real Estate Management	11433 Cronridge Drive	Owings Mills, MD 21117		4/30/2018	Due on receipt	4/30/2018	3201-3239B Corporate Court				N
SPL		INVOICE	4/30/2018	Sales:Janitorial		-370		Monthly installment for portering services (March 2018)	N		370	Janitorial		N	N	NOTHING	4/30/2018							
ENDTRNS																								
TRNS		INVOICE	4/30/2018	Accounts Receivable	TRANSWESTERN - QUAD AVE	463.5	2233		N	Y	N	7001 Quad Avenue LLC	02-11761-1011	P. O. BOX 82500	GOLETA, CA  93118-2500		4/30/2018	Due on receipt	4/30/2018	7001 Quad Avenue				N
SPL		INVOICE	4/30/2018	Sales:Sweeping		-463.5		Parking lot sweeping - 2x per month (3/6, 30/20)	N	-2	231.75	Sweeping		N	N	NOTHING	4/30/2018							
ENDTRNS																								
TRNS		INVOICE	4/30/2018	Accounts Receivable	TRANSWESTERN - Yellowbrick	820	2234		N	Y	N	WEBSTER CHESAPEAKE ASSOCIATES	BB# 02-11761-1008	P. O. BOX 82500	GOLETA, CA  93118-2500		4/30/2018	Due on receipt	4/30/2018	8901 & 8965 Yellow Brick Road				N
SPL		INVOICE	4/30/2018	Sales:Sweeping		-200		Parking lot sweeping	N	-1	200	Sweeping		N	N	NOTHING	3/4/2018							
SPL		INVOICE	4/30/2018	Sales:Sweeping		-200		Parking lot sweeping	N	-1	200	Sweeping		N	N	NOTHING	3/19/2018							
SPL		INVOICE	4/30/2018	Sales:Janitorial		-110		Afternoon portering service	N	-1	110	Janitorial		N	N	NOTHING	3/20/2018							
SPL		INVOICE	4/30/2018	Sales:Sweeping		-200		Parking lot sweeping	N	-1	200	Sweeping		N	N	NOTHING	3/25/2018							
SPL		INVOICE	4/30/2018	Sales:Janitorial		-110		Afternoon portering service	N	-1	110	Janitorial		N	N	NOTHING	3/26/2018							
ENDTRNS																								
TRNS		INVOICE	5/1/2018	Accounts Receivable	CBRE - OVERLEA	364	2235		N	Y	N	CBRE INC.	C/O CBRE	Billbox 01-146514-GZV001	PO Box 2021	Warren, MI 48090-2021	5/31/2018	Net 30	5/1/2018	Overlea Shopping Center	6635-6665 Belair Road	Baltimore, MD 21226		N
SPL		INVOICE	5/1/2018	Sales:Sweeping		-364		Monthly contract for parking lot sweeping	N		364	Sweeping		N	N	NOTHING	5/1/2018							
ENDTRNS																								
TRNS		INVOICE	4/30/2018	Accounts Receivable	CBRE COLUMBIA	190	2236		N	Y	N	COLUMBIA INDUSTRIAL PROPERTIES EAST, LLC	ATTN: KATHERINE TAYLOR	100 EAST PRATT ST., SUITE 1700	BALTIMORE, MD  21202		4/30/2018	Due on receipt	4/30/2018	2000 South Club Drive				N
SPL		INVOICE	4/30/2018	Sales:Sweeping		-190		Parking lot sweeping - 2x per month	N	-2	95	Sweeping		N	N	NOTHING	4/30/2018							
ENDTRNS																								
TRNS		INVOICE	4/30/2018	Accounts Receivable	CBRE COLUMBIA	240	2237		N	Y	N	COLUMBIA INDUSTRIAL PROPERTIES EAST, LLC	ATTN: KATHERINE TAYLOR	100 EAST PRATT ST., SUITE 1700	BALTIMORE, MD  21202		4/30/2018	Due on receipt	4/30/2018	6201 Columbia Park Road				N
SPL		INVOICE	4/30/2018	Sales:Sweeping		-240		Parking lot sweeping - 2x per month	N	-2	120	Sweeping		N	N	NOTHING	4/30/2018							
ENDTRNS																								
TRNS		INVOICE	4/30/2018	Accounts Receivable	CBRE COLUMBIA	190	2238		N	Y	N	COLUMBIA INDUSTRIAL PROPERTIES EAST, LLC	ATTN: KATHERINE TAYLOR	100 EAST PRATT ST., SUITE 1700	BALTIMORE, MD  21202		4/30/2018	Due on receipt	4/30/2018	6340 Columbia Park Road				N
SPL		INVOICE	4/30/2018	Sales:Sweeping		-190		Parking lot sweeping - 2x per month	N	-2	95	Sweeping		N	N	NOTHING	4/30/2018							
ENDTRNS																								
TRNS		INVOICE	5/1/2018	Accounts Receivable	FEDDER MANAGEMENT	85	2239		N	Y	N						5/1/2018	Due on receipt	5/1/2018	10096 Red Run Blvd				N
SPL		INVOICE	5/1/2018	Sales:Sweeping		-85		Monthly installment for parking lot sweeping	N		85	Sweeping		N	N	NOTHING	5/1/2018							
ENDTRNS																								
TRNS		INVOICE	5/1/2018	Accounts Receivable	FEDDER MANAGEMENT	156.21	2240		N	Y	N						5/1/2018	Due on receipt	5/1/2018	4700 Belle Grove Road				N
SPL		INVOICE	5/1/2018	Sales:Sweeping		-156.21		Monthly installment for parking lot sweeping	N		156.21	Sweeping		N	N	NOTHING	5/1/2018							
ENDTRNS																								
TRNS		INVOICE	5/1/2018	Accounts Receivable	FEDDER MANAGEMENT	156.21	2241		N	Y	N						5/1/2018	Due on receipt	5/1/2018	4701 Belle Grove Road				N
SPL		INVOICE	5/1/2018	Sales:Sweeping		-156.21		Monthly installment for parking lot sweeping	N		156.21	Sweeping		N	N	NOTHING	5/1/2018							
ENDTRNS																								
TRNS		INVOICE	5/1/2018	Accounts Receivable	FEDDER MANAGEMENT	144.2	2242		N	Y	N						5/1/2018	Due on receipt	5/1/2018	Chestnut Hill				N
SPL		INVOICE	5/1/2018	Sales:Sweeping		-144.2		Monthly installment for parking lot sweeping	N		144.2	Sweeping		N	N	NOTHING	5/1/2018							
ENDTRNS																								
TRNS		INVOICE	5/1/2018	Accounts Receivable	FEDDER MANAGEMENT	162.5	2243		N	Y	N						5/1/2018	Due on receipt	5/1/2018	Chestnut Hill West				N
SPL		INVOICE	5/1/2018	Sales:Sweeping		-162.5		Monthly installment for parking lot sweeping contract	N		162.5	Sweeping		N	N	NOTHING	5/1/2018							
ENDTRNS																								
TRNS		INVOICE	5/1/2018	Accounts Receivable	FEDDER MANAGEMENT	806.28	2244		N	Y	N						5/1/2018	Due on receipt	5/1/2018	Colonial Village Shopping Center				N
SPL		INVOICE	5/1/2018	Sales:Sweeping		-806.28		Monthly installment for parking lot sweeping	N		806.28	Sweeping		N	N	NOTHING	5/1/2018							
ENDTRNS																								
TRNS		INVOICE	5/1/2018	Accounts Receivable	FEDDER MANAGEMENT	981.93	2245		N	Y	N						5/1/2018	Due on receipt	5/1/2018	One Mile West				N
SPL		INVOICE	5/1/2018	Sales:Sweeping		-981.93		Monthly installment for parking lot sweeping	N		981.93	Sweeping		N	N	NOTHING	5/1/2018							
ENDTRNS																								
TRNS		INVOICE	5/1/2018	Accounts Receivable	FEDDER MANAGEMENT	173.33	2246		N	Y	N						5/1/2018	Due on receipt	5/1/2018	Pikesville Towne Center				N
SPL		INVOICE	5/1/2018	Sales:Sweeping		-173.33		Monthly installment for parking lot sweeping	N		173.33	Sweeping		N	N	NOTHING	5/1/2018							
ENDTRNS																								
TRNS		INVOICE	5/1/2018	Accounts Receivable	FEDDER MANAGEMENT	243.75	2247		N	Y	N						5/1/2018	Due on receipt	5/1/2018	Singer Square				N
SPL		INVOICE	5/1/2018	Sales:Sweeping		-243.75		Monthly installment for parking lot sweeping	N		243.75	Sweeping		N	N	NOTHING	5/1/2018							
ENDTRNS																								
TRNS		INVOICE	5/1/2018	Accounts Receivable	FEDDER MANAGEMENT	231.1	2248		N	Y	N						5/1/2018	Due on receipt	5/1/2018	York Village				N
SPL		INVOICE	5/1/2018	Sales:Sweeping		-231.1		Monthly installment for parking lot sweeping	N		231.1	Sweeping		N	N	NOTHING	5/1/2018							
ENDTRNS																								
TRNS		INVOICE	5/1/2018	Accounts Receivable	FEDDER MANAGEMENT	36.05	2249		N	Y	N						5/1/2018	Due on receipt	5/1/2018	Arundel Corp				N
SPL		INVOICE	5/1/2018	Sales:Sweeping		-36.05		Monthly installment for annual parking lot sweeping contract	N		36.05	Sweeping		N	N	NOTHING	5/1/2018							
ENDTRNS																								
TRNS		INVOICE	5/1/2018	Accounts Receivable	FEDDER MANAGEMENT	1346.15	2250		N	Y	N						5/1/2018	Due on receipt	5/1/2018	Bay Ridge Plaza				N
SPL		INVOICE	5/1/2018	Sales:Sweeping		-1346.15		Monthly installment for annual parking lot sweeping contract	N		1346.15	Sweeping		N	N	NOTHING	5/1/2018							
ENDTRNS																								
TRNS		INVOICE	5/1/2018	Accounts Receivable	FEDDER MANAGEMENT	2573.56	2251		N	Y	N						5/1/2018	Due on receipt	5/1/2018	Chesapeake Square				N
SPL		INVOICE	5/1/2018	Sales:Sweeping		-2573.56		Monthly installment for annual parking lot sweeping contract	N		2573.56	Sweeping		N	N	NOTHING	5/1/2018							
ENDTRNS																								
TRNS		INVOICE	5/1/2018	Accounts Receivable	FEDDER MANAGEMENT	43.71	2252		N	Y	N						5/1/2018	Due on receipt	5/1/2018	Crain Commerce Center				N
SPL		INVOICE	5/1/2018	Sales:Sweeping		-43.71		Monthly installment for annual parking lot sweeping contract	N		43.71	Sweeping		N	N	NOTHING	5/1/2018							
ENDTRNS																								
TRNS		INVOICE	5/1/2018	Accounts Receivable	FEDDER MANAGEMENT	2879.44	2253		N	Y	N						5/1/2018	Due on receipt	5/1/2018	Festival at Pasadena				N
SPL		INVOICE	5/1/2018	Sales:Sweeping		-2879.44		Monthly installment for annual parking lot sweeping contract	N		2879.44	Sweeping		N	N	NOTHING	5/1/2018							
ENDTRNS																								
TRNS		INVOICE	5/1/2018	Accounts Receivable	FEDDER MANAGEMENT	1071.2	2254		N	Y	N						5/1/2018	Due on receipt	5/1/2018	Lake Shore Crossroads				N
SPL		INVOICE	5/1/2018	Sales:Sweeping		-1071.2		Monthly installment for annual parking lot sweeping contract	N		1071.2	Sweeping		N	N	NOTHING	5/1/2018							
ENDTRNS																								
TRNS		INVOICE	5/1/2018	Accounts Receivable	FEDDER MANAGEMENT	35	2255		N	Y	N						5/1/2018	Due on receipt	5/1/2018	North Langley Road				N
SPL		INVOICE	5/1/2018	Sales:Sweeping		-35		Monthly installment for annual parking lot sweeping contract	N		35	Sweeping		N	N	NOTHING	5/1/2018							
ENDTRNS																								
TRNS		INVOICE	5/1/2018	Accounts Receivable	FEDDER MANAGEMENT	36.05	2256		N	Y	N						5/1/2018	Due on receipt	5/1/2018	Penrod Court				N
SPL		INVOICE	5/1/2018	Sales:Sweeping		-36.05		Monthly installment for annual parking lot sweeping contract	N		36.05	Sweeping		N	N	NOTHING	5/1/2018							
ENDTRNS																								
TRNS		INVOICE	5/1/2018	Accounts Receivable	FEDDER MANAGEMENT	1213.33	2257		N	Y	N						5/1/2018	Due on receipt	5/1/2018	Southgate Marketplace				N
SPL		INVOICE	5/1/2018	Sales:Sweeping		-1213.33		Monthly installment for annual parking lot sweeping contract	N		1213.33	Sweeping		N	N	NOTHING	5/1/2018							
ENDTRNS																								
TRNS		INVOICE	4/30/2018	Accounts Receivable	GREENWAY MEDICAL CENTER	90.12	2258		N	Y	N	GREENWAY MEDICAL CENTER	P. O. BOX 3423	CROFTON, MD  21114			4/30/2018	Due on receipt	4/30/2018	7500 Hanover Parkway				N
SPL		INVOICE	4/30/2018	Sales:Sweeping		-90.12		Parking lot sweeping - 1x per month	N		90.12	Sweeping		N	N	NOTHING	3/6/2018							
ENDTRNS																								
TRNS		INVOICE	4/30/2018	Accounts Receivable	MAHLI PROPERTIES	180	2259		N	Y	N	MALHI PROPERTIES	13516 NARROW LEAF COURT	CLARKSVILLE, MD  21029			4/30/2018	Due on receipt	4/30/2018	6656 Dobbin Road				N
SPL		INVOICE	4/30/2018	Sales:Sweeping		-180		Parking lot sweeping - 1x per week (Sunday 3/4, 3/11, 3/18, 3/25)	N	-4	45	Sweeping		N	N	NOTHING	4/30/2018							
ENDTRNS																								
TRNS		INVOICE	4/30/2018	Accounts Receivable	MAHLI PROPERTIES	288	2260		N	Y	N	MALHI PROPERTIES	13516 NARROW LEAF COURT	CLARKSVILLE, MD  21029			4/30/2018	Due on receipt	4/30/2018	8125 Ritchie Highway				N
SPL		INVOICE	4/30/2018	Sales:Sweeping		-288		Parking lot sweeping - 2x per week (Sundays & Thursdays 3/1, 3/4, 3/8, 3/11, 3/15, 3/18, 3/22, 3/25, 3/29)	N	-9	32	Sweeping		N	N	NOTHING	4/30/2018							
ENDTRNS																								
TRNS		INVOICE	4/30/2018	Accounts Receivable	OMNI PROFESSIONAL CENTER	262.7	2261		N	Y	N	OMNI PROFESSIONAL CENTER	4000 MITCHELLVILLE ROAD	A106	BOWIE, MD  20716		4/30/2018	Due on receipt	4/30/2018	4000 Mitchellville Road				N
SPL		INVOICE	4/30/2018	Sales:Sweeping		-262.7		Parking lot sweeping - 2x per month (3/17, 3/26)	N	-2	131.35	Sweeping		N	N	NOTHING	4/30/2018							
ENDTRNS																								
TRNS		INVOICE	4/30/2018	Accounts Receivable	PASADENA CENTER, LLC	128.75	2262		N	Y	N	PASADENA CENTER, LLC	C/O VINCE MARKS	369 EDGEWATER ROAD	PASADENA, MD  21122		4/30/2018	Due on receipt	4/30/2018	PASADENA CENTER, LLC	MOUNTAIN ROAD	PASADENA, MD 21122		N
SPL		INVOICE	4/30/2018	Sales:Sweeping		-128.75		Parking lot sweeping - 1x per week (Thursday)	N	-5	25.75	Sweeping		N	N	NOTHING	4/30/2018							
ENDTRNS																								
TRNS		INVOICE	4/30/2018	Accounts Receivable	RELIABLE - 2299 Johns Hopkins	440	2263		N	Y	N	Hopkins Road Associates	c/o Reliable Real Estate Services, LLC	2410 Evergreen Road � Suite 104	Gambrills, MD 21054		4/30/2018	Due on receipt	4/30/2018	2299 Johns Hopkins Rd /	Molloy�s Irish Pub /	1041 MD Rte 3 N lot		N
SPL		INVOICE	4/30/2018	Sales:Sweeping		-440		Monthly installment for parking lot sweeping services	N		440	Sweeping		N	N	NOTHING	4/30/2018							
ENDTRNS																								
TRNS		INVOICE	4/30/2018	Accounts Receivable	RELIABLE BUCHER - Colonial Square	66.95	2264		N	Y	N	THE BUCHER & KOCH REALTY CO.	C/O RELIABLE REAL ESTATE SERVICES	2410 EVERGREEN RD., SUITE 104	GAMBRILLS, MD  21054		4/30/2018	Due on receipt	4/30/2018	Colonial Square				N
SPL		INVOICE	4/30/2018	Sales:Sweeping		-66.95		Monthly installment for parking lot sweeping - 1x per week	N		66.95	Sweeping		N	N	NOTHING	4/30/2018							
ENDTRNS																								
TRNS		INVOICE	4/30/2018	Accounts Receivable	RELIABLE ROUTE 100 - Chesapeake	357.07	2265		N	Y	N	ROUTE 100 RETAIL CENTER, LLC	C/O RELIABLE REAL ESTATE SERVICES	2410 EVERGREEN RD., SUITE 104	GAMBRILLS, MD  21054		4/30/2018	Due on receipt	4/30/2018	Chesapeake Health Park				N
SPL		INVOICE	4/30/2018	Sales:Sweeping		-357.07		Monthly installment for parking lot sweeping - 2x per week	N		357.07	Sweeping		N	N	NOTHING	4/30/2018							
ENDTRNS																								
TRNS		INVOICE	4/30/2018	Accounts Receivable	RELIABLE SOUTH RIVER	517.75	2266		N	Y	N	SOUTH RIVER CROSSINGS, LLC	C/O RELIABLE REAL ESTATE SERVICES	2410 EVERGREEN RD., SUITE 104	GAMBRILLS, MD  21054		4/30/2018	Due on receipt	4/30/2018	South River Crossing				N
SPL		INVOICE	4/30/2018	Sales:Sweeping		-517.75		Monthly installment for parking lot sweeping services	N		517.75	Sweeping		N	N	NOTHING	4/30/2018							
ENDTRNS																								
TRNS		INVOICE	4/30/2018	Accounts Receivable	RELIABLE TELEGRAPH - Business Park	312.43	2267		N	Y	N	TELEGRAPH ROAD BUSINESS PARK, LLC	C/O RELIABLE REAL ESTATE SERVICES	2410 EVERGREEN RD., SUITE 104	GAMBRILLS, MD  21054		4/30/2018	Due on receipt	4/30/2018	Telegraph Business Park				N
SPL		INVOICE	4/30/2018	Sales:Sweeping		-312.43		Monthly installment for parking lot sweeping - 1x per week	N		312.43	Sweeping		N	N	NOTHING	4/30/2018							
ENDTRNS																								
TRNS		INVOICE	4/30/2018	Accounts Receivable	RELIABLE TELEGRAPH - Commerce Center	178.53	2268		N	Y	N	RT. 32 BUSINESS PARK, LLC	C/O RELIABLE REAL ESTATE SERVICES	2410 EVERGREEN RD., SUITE 104	GAMBRILLS, MD  21054		4/30/2018	Due on receipt	4/30/2018	Telegraph Commerce Center				N
SPL		INVOICE	4/30/2018	Sales:Sweeping		-178.53		Monthly installment for parking lot sweeping - 1x per week	N		178.53	Sweeping		N	N	NOTHING	4/30/2018							
ENDTRNS																								
TRNS		INVOICE	4/30/2018	Accounts Receivable	222-224 SCHILLING CIRCLE	78.79	2269		N	Y	N	222-224 SCHILLING CIRCLE, LLC	7309 LONGFIELD DRIVE	KINGSVILLE, MARYLAND  21087			4/30/2018	Due on receipt	4/30/2018	222-224 SCHILLING CIRCLE				N
SPL		INVOICE	4/30/2018	Sales:Sweeping		-78.79		Parking lot sweeping - 1x per month	N		78.79	Sweeping		N	N	NOTHING	3/13/2018							
ENDTRNS																								
TRNS		INVOICE	4/30/2018	Accounts Receivable	SEVERN COMMERCE CENTER	206	2270		N	Y	N	SEVERN COMMERCE CENTER	ATTN:  WENDY BRADFORD	1244 RITCHIE HIGHWAY	SUITE 14	ARNOLD, MD  21012	4/30/2018	Due on receipt	4/30/2018	Severn Commerce Center				N
SPL		INVOICE	4/30/2018	Sales:Sweeping		-206		Parking lot sweeping - 1x per week (Thursdays)	N	-5	41.2	Sweeping		N	N	NOTHING	4/30/2018							
ENDTRNS																								
TRNS		INVOICE	4/30/2018	Accounts Receivable	SEVERNA PARK PLACE, LLC	624.87	2271		N	Y	N	SEVERNA PARK PLACE, LLC	C/O SITE MANAGEMENT	2141 INDUSTRIAL PARKWAY	SILVER SPRING, MD  20904		4/30/2018	Due on receipt	4/30/2018	SEVERNA PARK PLACE				N
SPL		INVOICE	4/30/2018	Sales:Sweeping		-624.87		Monthly installment for parking lot sweeping & weekly porter service (March 2018)	N		624.87	Sweeping		N	N	NOTHING	4/30/2018							
ENDTRNS																								
TRNS		INVOICE	4/30/2018	Accounts Receivable	SVAP STERLING	75	2272		N	Y	N	SVAP II PASADENA CROSSROADS, LLC	1814 WINDSOR SQUARE DRIVE	MATTHEWS, NC  28105			4/30/2018	Due on receipt	4/30/2018	Bay Vanguard				N
SPL		INVOICE	4/30/2018	Sales:Other Services		-75		Monthly pest control	N		75	Pest / Rat control		N	N	NOTHING	3/29/2018							
ENDTRNS																								
TRNS		INVOICE	5/1/2018	Accounts Receivable	SVAP STERLING	3007.81	2273		N	Y	N	SVAP II PASADENA CROSSROADS, LLC	1814 WINDSOR SQUARE DRIVE	MATTHEWS, NC  28105			5/31/2018	Net 30	5/1/2018	Pasadena Crossroads				N
SPL		INVOICE	5/1/2018	Sales:Sweeping		-1290.75		Monthly installment for outside trash maintenance	N		1290.75	Sweeping		N	N	NOTHING	5/1/2018							
SPL		INVOICE	5/1/2018	Sales:Landscaping		-1331.26		Monthly installment for landscaping	N		1331.26	Landscaping		N	N	NOTHING	5/1/2018							
SPL		INVOICE	5/1/2018	Sales:Landscaping		-385.8		Monthly installment for landscaping - LA Fitness	N		385.8	Landscaping		N	N	NOTHING	5/1/2018							
ENDTRNS																								
TRNS		INVOICE	5/1/2018	Accounts Receivable	SVAP STERLING	1119.14	2274		N	Y	N	SVAP II PASADENA CROSSROADS, LLC	1814 WINDSOR SQUARE DRIVE	MATTHEWS, NC  28105			5/31/2018	Net 30	5/1/2018	Pasadena Crossroads				N
SPL		INVOICE	5/1/2018	Sales:Sweeping		-1119.14		Monthly installment for parking lot sweeping	N		1119.14	Sweeping		N	N	NOTHING	5/1/2018							
ENDTRNS																								
TRNS		INVOICE	4/30/2018	Accounts Receivable	TAUBMAN PROPERTIES	267.8	2275		N	Y	N	TAUBMAN PROPERTIES	ATTN:  MORT SCHUCHMAN	838 DULANEY VALLEY ROAD	TOWSON, MARYLAND  21204		4/30/2018	Due on receipt	4/30/2018	DULANEY VALLEY PLAZA				N
SPL		INVOICE	4/30/2018	Sales:Sweeping		-267.8		Parking lot sweeping - 1x per week (Sunday 3/4, 3/11, 3/18, 3/25)	N	-4	66.95	Sweeping		N	N	NOTHING	4/30/2018							
ENDTRNS																								
TRNS		INVOICE	4/30/2018	Accounts Receivable	TRIONFO - 884 CHESTERFIELD	712.5	2276		N	Y	N	ATTN: Debbie	Trionfo Builders	3825 Blenheim Road	Phoenix , MD  21131		4/30/2018	Due on receipt	4/30/2018	Bay Area Community Church				N
SPL		INVOICE	4/30/2018	Sales:Sweeping		-142.5		Parking lot sweeping - full lot	N	-1.5	95	Sweeping		N	N	NOTHING	3/3/2018							
SPL		INVOICE	4/30/2018	Sales:Sweeping		-142.5		Parking lot sweeping - full lot	N	-1.5	95	Sweeping		N	N	NOTHING	3/10/2018							
SPL		INVOICE	4/30/2018	Sales:Sweeping		-142.5		Parking lot sweeping - full lot	N	-1.5	95	Sweeping		N	N	NOTHING	3/17/2018							
SPL		INVOICE	4/30/2018	Sales:Sweeping		-142.5		Parking lot sweeping - full lot	N	-1.5	95	Sweeping		N	N	NOTHING	3/24/2018							
SPL		INVOICE	4/30/2018	Sales:Sweeping		-142.5		Parking lot sweeping - full lot	N	-1.5	95	Sweeping		N	N	NOTHING	4/30/2018							
ENDTRNS																								
TRNS		INVOICE	4/30/2018	Accounts Receivable	RIVERSIDE REALTY COMPANY	45	2277		N	Y	N	RIVERSIDE REALTY COMPANY	2545 WILKENS AVENUE	P. O. BOX 4436	BALTIMORE, MD  21223		4/30/2018	Due on receipt	4/30/2018	2545 WILKENS AVE				N
SPL		INVOICE	4/30/2018	Sales:Sweeping		-45		Fence cleanup - monthly	N		45	Sweeping		N	N	NOTHING	4/30/2018							
ENDTRNS																								
TRNS		INVOICE	4/30/2018	Accounts Receivable	RIVERSIDE - UNITED HOLDINGS	20.6	2278		N	Y	N	UNITED HOLDINGS CO.	2545 WILKENS AVENUE	BALTIMORE, MD  21223			4/30/2018	Due on receipt	4/30/2018	Westside Shopping Center				N
SPL		INVOICE	4/30/2018	Sales:Bulk Haul		-20.6		Remove and dispose of trash in bin - 1x per week (Sunday 3/4, 3/11, 3/18, 3/25)	N	-4	5.15	Bulk Haul		N	N	NOTHING	4/30/2018							
ENDTRNS																								
TRNS		INVOICE	4/30/2018	Accounts Receivable	RIVERSIDE REALTY COMPANY	4736.98	2279		N	Y	N	RIVERSIDE REALTY COMPANY	2545 WILKENS AVENUE	P. O. BOX 4436	BALTIMORE, MD  21223		4/30/2018	Due on receipt	4/30/2018	WESTSIDE SHOPPING CENTER				N
SPL		INVOICE	4/30/2018	Sales:Sweeping		-3855.47		Parking lot sweeping	N	-31	124.37	Sweeping		N	N	NOTHING	4/30/2018							
SPL		INVOICE	4/30/2018	Sales:Sweeping		-881.51		Dumpster fee	N		881.51	Dumpster		N	N	NOTHING	4/30/2018							
ENDTRNS																								
TRNS		INVOICE	4/30/2018	Accounts Receivable	LPC - 9950 Business Pkwy	170	2284		N	Y	N	PPF/LPC 9950 Business Parkway, LLC	c/o LPC Commercial Services	300 West Pratt Street, Suite 520	Baltimore, MD 21201		4/30/2018		4/30/2018	9950 Business Parkway				N
SPL		INVOICE	4/30/2018	Sales:Sweeping		-170		Parking lot sweeping - 1x per month	N	-1	170	Sweeping		N	N	NOTHING	3/8/2018							
ENDTRNS																								
TRNS		INVOICE	5/1/2018	Accounts Receivable	LPC - KNICKERBOCKER	268.22	2285		N	Y	N	KNICKERBOCKER PROPERTIES, INC. XI	C/O LPC COMMERCIAL SERVICES, INC.	300 W. PRATT STREET	SUITE 520	BALTIMORE, MD  21201	5/1/2018		5/1/2018	10650 Riggs Hill Road				N
SPL		INVOICE	5/1/2018	Sales:Sweeping		-268.22		Monthly installment for parking lot sweeping	N		268.22	Sweeping		N	N	NOTHING	5/1/2018							
ENDTRNS																								
TRNS		INVOICE	5/1/2018	Accounts Receivable	LPC - KNICKERBOCKER	278.95	2286		N	Y	N	KNICKERBOCKER PROPERTIES, INC. XI	C/O LPC COMMERCIAL SERVICES, INC.	300 W. PRATT STREET	SUITE 520	BALTIMORE, MD  21201	5/1/2018		5/1/2018	1910 Park 100 Drive				N
SPL		INVOICE	5/1/2018	Sales:Sweeping		-278.95		Monthly installment for parking lot sweeping	N		278.95	Sweeping		N	N	NOTHING	5/1/2018							
ENDTRNS																								
TRNS		INVOICE	5/1/2018	Accounts Receivable	LPC - KNICKERBOCKER	965.59	2287		N	Y	N	KNICKERBOCKER PROPERTIES, INC. XI	C/O LPC COMMERCIAL SERVICES, INC.	300 W. PRATT STREET	SUITE 520	BALTIMORE, MD  21201	5/1/2018		5/1/2018	3636 Pennsy Drive				N
SPL		INVOICE	5/1/2018	Sales:Sweeping		-965.59		Monthly installment for parking lot sweeping	N		965.59	Sweeping		N	N	NOTHING	5/1/2018							
ENDTRNS																								
TRNS		INVOICE	5/1/2018	Accounts Receivable	LPC - KNICKERBOCKER	278.96	2288		N	Y	N	KNICKERBOCKER PROPERTIES, INC. XI	C/O LPC COMMERCIAL SERVICES, INC.	300 W. PRATT STREET	SUITE 520	BALTIMORE, MD  21201	5/1/2018		5/1/2018	6740 Business Parkway				N
SPL		INVOICE	5/1/2018	Sales:Sweeping		-278.96		Monthly installment for parking lot sweeping	N		278.96	Sweeping		N	N	NOTHING	5/1/2018							
ENDTRNS																								
TRNS		INVOICE	5/1/2018	Accounts Receivable	LPC - KNICKERBOCKER	278.96	2289		N	Y	N	KNICKERBOCKER PROPERTIES, INC. XI	C/O LPC COMMERCIAL SERVICES, INC.	300 W. PRATT STREET	SUITE 520	BALTIMORE, MD  21201	5/1/2018		5/1/2018	9055 Junction Drive				N
SPL		INVOICE	5/1/2018	Sales:Sweeping		-278.96		Monthly installment for parking lot sweeping	N		278.96	Sweeping		N	N	NOTHING	5/1/2018							
ENDTRNS																								
TRNS		INVOICE	4/30/2018	Accounts Receivable	LPC - SVF MARSHFIELD	686.5	2290		N	Y	N	SVF MARSHFIELD, LLC	C/O LPC COMMERCIAL SERVICES, INC.	5020 Campbell Boulevard, Suite F	Nottingham, MD 21236		4/30/2018		4/30/2018	8410 Kelso Drive				N
SPL		INVOICE	4/30/2018	Sales:Sweeping		-566.5		Weekly parking lot sweeping (3/1, 3/6, 3/15, 3/22, 3/29)	N	-5	113.3	Sweeping		N	N	NOTHING	4/30/2018							
SPL		INVOICE	4/30/2018	Sales:Janitorial		-120		Weekly porter service (3/4, 3/11, 3/18, 3/25)	N	-4	30	Janitorial		N	N	NOTHING	4/30/2018							
ENDTRNS																								
TRNS		INVOICE	4/30/2018	Accounts Receivable	LPC - SVF MARSHFIELD	686.5	2291		N	Y	N	SVF MARSHFIELD, LLC	C/O LPC COMMERCIAL SERVICES, INC.	5020 Campbell Boulevard, Suite F	Nottingham, MD 21236		4/30/2018		4/30/2018	8411 Kelso Drive				N
SPL		INVOICE	4/30/2018	Sales:Sweeping		-566.5		Weekly parking lot sweeping (3/1, 3/6, 3/15, 3/22, 3/29)	N	-5	113.3	Sweeping		N	N	NOTHING	4/30/2018							
SPL		INVOICE	4/30/2018	Sales:Janitorial		-120		Weekly porter service (3/4, 3/11, 3/18, 3/25)	N	-4	30	Janitorial		N	N	NOTHING	4/30/2018							
ENDTRNS																								
TRNS		INVOICE	4/30/2018	Accounts Receivable	LPC - SVF MARSHFIELD	686.5	2292		N	Y	N	SVF MARSHFIELD, LLC	C/O LPC COMMERCIAL SERVICES, INC.	5020 Campbell Boulevard, Suite F	Nottingham, MD 21236		4/30/2018		4/30/2018	8415 Kelso Drive				N
SPL		INVOICE	4/30/2018	Sales:Sweeping		-566.5		Weekly parking lot sweeping (3/1, 3/6, 3/15, 3/22, 3/29)	N	-5	113.3	Sweeping		N	N	NOTHING	4/30/2018							
SPL		INVOICE	4/30/2018	Sales:Janitorial		-120		Weekly porter service (3/4, 3/11, 3/18, 3/25)	N	-4	30	Janitorial		N	N	NOTHING	4/30/2018							
ENDTRNS																								
TRNS		INVOICE	4/30/2018	Accounts Receivable	LPC - SVF MARSHFIELD	686.5	2293		N	Y	N	SVF MARSHFIELD, LLC	C/O LPC COMMERCIAL SERVICES, INC.	5020 Campbell Boulevard, Suite F	Nottingham, MD 21236		4/30/2018		4/30/2018	8416 Kelso Drive				N
SPL		INVOICE	4/30/2018	Sales:Sweeping		-566.5		Weekly parking lot sweeping (3/1, 3/6, 3/15, 3/22, 3/29)	N	-5	113.3	Sweeping		N	N	NOTHING	4/30/2018							
SPL		INVOICE	4/30/2018	Sales:Janitorial		-120		Weekly porter service (3/4, 3/11, 3/18, 3/25)	N	-4	30	Janitorial		N	N	NOTHING	4/30/2018							
ENDTRNS																								
TRNS		INVOICE	4/30/2018	Accounts Receivable	LPC - Ridgely	285	2294		N	Y	N	LINCOLN PROPERTY COMPANY	C/O RIDGELY WHITE MARSH REAL ESTATE	HOLDINGS, LLC	5020 CAMPBELL BOULEVARD, SUITE F	NOTTINGHAM, MD  21236	4/30/2018		4/30/2018	7939 Honeygo Blvd				N
SPL		INVOICE	4/30/2018	Sales:Sweeping		-285		Parking Lot Sweeping - 1x per month	N		285	Sweeping		N	N	NOTHING	3/13/2018							
ENDTRNS																								
TRNS		INVOICE	4/30/2018	Accounts Receivable	LPC - Ridgely	180	2295		N	Y	N	LINCOLN PROPERTY COMPANY	C/O RIDGELY WHITE MARSH REAL ESTATE	HOLDINGS, LLC	5020 CAMPBELL BOULEVARD, SUITE F	NOTTINGHAM, MD  21236	4/30/2018		4/30/2018	8615 Ridgely's Choice Drive				N
SPL		INVOICE	4/30/2018	Sales:Sweeping		-180		Parking lot sweeping - 1x per month	N		180	Sweeping		N	N	NOTHING	3/13/2018							
ENDTRNS																								
TRNS		INVOICE	4/30/2018	Accounts Receivable	LPC - White Marsh	760	2296		N	Y	N	New Lot 104, LLC	c/o Lincoln Property Company	5020 Campbell Blvd, Suite F	Nottingham, MD 21236		4/30/2018		4/30/2018	5020 Campbell Boulevard	5022 Campbell Boulevard	5024 Campbell Boulevard	5026 Campbell Boulevard	N
SPL		INVOICE	4/30/2018	Sales:Sweeping		-760		Weekly parking lot sweeping (3/7, 3/14, 3/21, 3/28)	N	-4	190	Sweeping		N	N	NOTHING	4/30/2018							
ENDTRNS																								
TRNS		INVOICE	4/30/2018	Accounts Receivable	LPC - FAIRLAKES	950	2297		N	Y	N	Cognac Fairlakes LLC	C\O Lincoln Property Company	12601 Fairlakes Circle, Suite 1032	Fairfax, VA  22033		4/30/2018	Due on receipt	4/30/2018	12601 FAIRLAKES CIRCLE	FAIRFAX, VA  22033			N
SPL		INVOICE	4/30/2018	Sales:Sweeping		-950		Garage sweeping services	N		950	Sweeping		N	N	NOTHING	3/10/2018							
ENDTRNS																								
TRNS		INVOICE	4/30/2018	Accounts Receivable	LPC - BOWIE CORP CENTER	170	2298		N	Y	N	BOWIE CORPORATE CENTER	C/O LINCOLN PROPERTY COMPANY	7651 MONTELLIER ROAD	LAUREL, MD  20723		4/30/2018	Due on receipt	4/30/2018	4321 Collington Road				N
SPL		INVOICE	4/30/2018	Sales:Sweeping		-170		Parking lot sweeping (hours)	N	-2	85	Sweeping		N	N	NOTHING	3/17/2018							
ENDTRNS																								
TRNS		INVOICE	4/30/2018	Accounts Receivable	U.S. REALTY & INVESTMENT CO.	0	2299		N	Y	N	U.S. REALTY MANAGEMENT CO., LLC	3003 ENGLISH CREEK AVENUE	SUITE D13A	EGG HARBOUR TOWNSHIP, NJ  08234		4/30/2018	Due on receipt	4/30/2018	LOT 2R				N
SPL		INVOICE	4/30/2018	Sales:Landscaping		0		Cut and trim	N	0	86.5	Landscaping		N	N	NOTHING	3/8/2018							
ENDTRNS																								
TRNS		INVOICE	4/30/2018	Accounts Receivable	U.S. REALTY & INVESTMENT CO.	2304	2300		N	Y	N	U.S. REALTY MANAGEMENT CO., LLC	3003 ENGLISH CREEK AVENUE	SUITE D13A	EGG HARBOUR TOWNSHIP, NJ  08234		4/30/2018	Due on receipt	4/30/2018	RITCHIE HIGHWAY				N
SPL		INVOICE	4/30/2018	Sales:Landscaping		-2252.5		Mulch installation	N	-1	2252.5	Landscaping		N	N	NOTHING	3/6/2018							
SPL		INVOICE	4/30/2018	Sales:Landscaping		-51.5		Weeding	N	-1	51.5	Landscaping		N	N	NOTHING	3/6/2018							
ENDTRNS																								
TRNS		INVOICE	4/30/2018	Accounts Receivable	U.S. REALTY & INVESTMENT CO.	1637.7	2301		N	Y	N	U.S. REALTY MANAGEMENT CO., LLC	3003 ENGLISH CREEK AVENUE	SUITE D13A	EGG HARBOUR TOWNSHIP, NJ  08234		4/30/2018	Due on receipt	4/30/2018	RITCHIE HIGHWAY				N
SPL		INVOICE	4/30/2018	Sales:Sweeping		-1359.6		Parking lot sweeping - 5x per week	N	-22	61.8	Sweeping		N	N	NOTHING	4/30/2018							
SPL		INVOICE	4/30/2018	Sales:Sweeping		-278.1		Parking lot sweeping - 2x per week (Shoppers area only)	N	-9	30.9	Sweeping		N	N	NOTHING	4/30/2018							
ENDTRNS																								
TRNS		INVOICE	4/30/2018	Accounts Receivable	SVAP STERLING	75	2313		N	Y	N	SVAP II PASADENA CROSSROADS, LLC	1814 WINDSOR SQUARE DRIVE	MATTHEWS, NC  28105			4/30/2018	Due on receipt	4/30/2018	Bay Vanguard				N
SPL		INVOICE	4/30/2018	Sales:Other Services		-75		Monthly pest control	N		75	Pest / Rat control		N	N	NOTHING	4/30/2018							
ENDTRNS																								
TRNS		INVOICE	5/1/2018	Accounts Receivable	ABRAMS FAMILY DEERECO	223.17	2209		N	Y	N	Abrams Family Deereco, LLC	C/O:  Abrams Development Group, Inc.	8601 Robert Fulton Drive	Suite 100	Columbia, MD  21046	5/31/2018	Net 30	5/1/2018	9472-9494 Deereco Road				N
SPL		INVOICE	5/1/2018	Sales:Sweeping		-223.17		Monthly installment for parking lot sweeping	N		223.17	Sweeping		N	N	NOTHING	5/1/2018							
ENDTRNS																								
